<?xml version="1.0" encoding="UTF-8"?><collection xmlns="http://www.loc.gov/MARC21/slim"><record><leader>00481nam--2200181-i-4500</leader><controlfield tag="001">000031923</controlfield><controlfield tag="002">20161230</controlfield><controlfield tag="005">20170102233157</controlfield><controlfield tag="008">060222s1000------------r-----000-0-eng-d</controlfield><datafield ind1=" " ind2=" " tag="040"><subfield code="a">IFIN-HH</subfield></datafield><datafield ind1=" " ind2=" " tag="080"><subfield code="a">801.323.2=60=590</subfield></datafield><datafield ind1="1" ind2=" " tag="100"><subfield code="a">Munteanu, Dan</subfield></datafield><datafield ind1="1" ind2="0" tag="245"><subfield code="a">Mic dictionar spaniol-roman</subfield><subfield code="c">Dan Munteanu, Valeria Neagu</subfield></datafield><datafield ind1=" " ind2=" " tag="260"><subfield code="a">Bucuresti</subfield><subfield code="b">Editura Sport-Turism</subfield><subfield code="c">1983</subfield></datafield><datafield ind1=" " ind2=" " tag="300"><subfield code="a">556 p</subfield></datafield><datafield ind1="1" ind2=" " tag="700"><subfield code="a">Neagu, Valeria</subfield></datafield><datafield ind1=" " ind2=" " tag="852"><subfield code="a">D.584</subfield><subfield code="c">SLC</subfield></datafield><datafield ind1=" " ind2=" " tag="CAT"><subfield code="a">SYS</subfield><subfield code="c">20170102</subfield><subfield code="h">233157</subfield></datafield></record></collection>